@comment{x-kbibtex-encoding=utf-8}

article{aPaper,
   title = {First Result from the Alpha Magnetic Spectrometer on the International Space Station: Precision Measurement of the Positron Fraction in Primary Cosmic Rays of 0.5\char21{}350 GeV},
   author = {{Aguilar, M. et al.}},
   collaboration = {AMS Collaboration},
   journal = {Phys. Rev. Lett.},
   volume = {110},
   issue = {14},
   pages = {141102},
   numpages = {10},
   year = {2013},
   month = {Apr},
   publisher = {American Physical Society},
   doi = {10.1103/PhysRevLett.110.141102},
   url = {http://link.aps.org/doi/10.1103/PhysRevLett.110.141102}
}

phdthesis{aThesis,
   author={Valerio Vagelli},
   title={Measurement of the cosmic e$^+$+e$^-$ Flux from 0.5 GeV to 1 TeV with the Alpha Magnetic Spectrometer (AMS-02) on the International Space Station},
   school={Karlsruher Institut f\"ur Technologie (KIT)},
   year=2014
}

misc{aWiki,
   author={{BibTeX on Wikipedia}},
   howpublished = {\url{https://en.wikipedia.org/wiki/BibTeX}},
   note = {Version Date: 2017-09-19}
}



@misc{Newby2018,
   author={{Matthew Newby}},
   howpublished = {\url{http://milkyway.cs.rpi.edu/milkyway/science.php}},
   note = {Version Date: 2018-03-27}
}



%Fermi tools software
@misc{FermiTools,
   author={{ Fermi Science Tools Software Version v10r0p5}},
   howpublished = {\url{https://fermi.gsfc.nasa.gov/ssc/data/analysis/software/v10r0p5.html}},
   note = {Version Date: 2017-09-09}
}


@ARTICLE{Hubble1925,
   author = {{Hubble}, E.},
    title = "{No. 324. Extra-galactic nebulae.}",
  journal = {Contributions from the Mount Wilson Observatory / Carnegie Institution of Washington},
     year = 1926,
   volume = 324,
    pages = {1-49},
   adsurl = {http://adsabs.harvard.edu/abs/1926CMWCI.324....1H},
  adsnote = {Provided by the SAO/NASA Astrophysics Data System}
}

@ARTICLE{Kafle2014,
   author = {{Kafle}, P.~R. and {Sharma}, S. and {Lewis}, G.~F. and {Bland-Hawthorn}, J.
	},
    title = "{On the Shoulders of Giants: Properties of the Stellar Halo and the Milky Way Mass Distribution}",
  journal = {apj},
archivePrefix = "arXiv",
   eprint = {1408.1787},
 keywords = {dark matter, Galaxy: fundamental parameters, Galaxy: halo, Galaxy: kinematics and dynamics, stars: horizontal-branch},
     year = 2014,
    month = oct,
   volume = 794,
      eid = {59},
    pages = {59},
      doi = {10.1088/0004-637X/794/1/59},
   adsurl = {http://adsabs.harvard.edu/abs/2014ApJ...794...59K},
  adsnote = {Provided by the SAO/NASA Astrophysics Data System}
}

@ARTICLE{Rubin1971,
   author = {{Ford}, Jr., W.~K. and {Rubin}, V.~C. and {Roberts}, M.~S.},
    title = "{A comparison of 21-cm radial velocities and optical radial velocities of galaxies.}",
  journal = {aj},
     year = 1971,
    month = feb,
   volume = 76,
    pages = {22-24},
      doi = {10.1086/111077},
   adsurl = {http://adsabs.harvard.edu/abs/1971AJ.....76...22F},
  adsnote = {Provided by the SAO/NASA Astrophysics Data System}
}


@article{NFW1997,
  author={Julio F. Navarro and Carlos S. Frenk and Simon D. M. White},
  title={A Universal Density Profile from Hierarchical Clustering},
  journal={The Astrophysical Journal},
  volume={490},
  number={2},
  pages={493},
  url={http://stacks.iop.org/0004-637X/490/i=2/a=493},
  year={1997},
  abstract={We use high-resolution N -body simulations to study the equilibrium density profiles of dark matter halos in hierarchically clustering universes. We find that all such profiles have the same shape, independent of the halo mass, the initial density fluctuation spectrum, and the values of the cosmological parameters. Spherically averaged equilibrium profiles are well fitted over two decades in radius by a simple formula originally proposed to describe the structure of galaxy clusters in a cold dark matter universe. In any particular cosmology, the two scale parameters of the fit, the halo mass and its characteristic density, are strongly correlated. Low-mass halos are significantly denser than more massive systems, a correlation that reflects the higher collapse redshift of small halos. The characteristic density of an equilibrium halo is proportional to the density of the universe at the time it was assembled. A suitable definition of this assembly time allows the same proportionality constant to be used for all the cosmologies that we have tested. We compare our results with previous work on halo density profiles and show that there is good agreement. We also provide a step-by-step analytic procedure, based on the Press-Schechter formalism, that allows accurate equilibrium profiles to be calculated as a function of mass in any hierarchical model.}
}

@article{Jungman1996,
title = "Supersymmetric dark matter",
journal = "Physics Reports",
volume = "267",
number = "5",
pages = "195 - 373",
year = "1996",
issn = "0370-1573",
doi = "https://doi.org/10.1016/0370-1573(95)00058-5",
url = "http://www.sciencedirect.com/science/article/pii/0370157395000585",
author = "Gerard Jungman and Marc Kamionkowski and Kim Griest"
}

@ARTICLE{Wu1984,
   author = {{Wu}, C.~S.},
    title = "{A fast Fermi process - Energetic electrons accelerated by a nearly perpendicular bow shock}",
  journal = {jgr},
 keywords = {Energetic Particles, Particle Acceleration, Solar Electrons, Solar Terrestrial Interactions, Space Plasmas, Thomas-Fermi Model, Electron Distribution, Shock Wave Profiles, Solar Wind},
     year = 1984,
    month = oct,
   volume = 89,
    pages = {8857-8862},
      doi = {10.1029/JA089iA10p08857},
   adsurl = {http://adsabs.harvard.edu/abs/1984JGR....89.8857W},
  adsnote = {Provided by the SAO/NASA Astrophysics Data System}
}


@ARTICLE{Daniel1975,
   author = {{Daniel}, R.~R. and {Stephens}, S.~A.},
    title = "{Propagation of cosmic rays in the Galaxy}",
  journal = {ssr},
 keywords = {Astronomical Models, Cosmic Rays, Galactic Radiation, Milky Way Galaxy, Decay Rates, Electromagnetic Radiation, Energy Spectra, Galactic Clusters, Interstellar Gas, Interstellar Radiation, Particle Diffusion, Particle Interactions},
     year = 1975,
    month = feb,
   volume = 17,
    pages = {45-158},
      doi = {10.1007/BF00718837},
   adsurl = {http://adsabs.harvard.edu/abs/1975SSRv...17...45D},
  adsnote = {Provided by the SAO/NASA Astrophysics Data System}
}



@INPROCEEDINGS{Hira2017,
   author = {{McKeough}, J. and {Hira}, A. and {Valdez}, A.},
    title = "{Theoretical Comparison Between Candidates for Dark Matter}",
booktitle = {APS April Meeting Abstracts},
     year = 2017,
    month = jan,
      eid = {C2.004},
    pages = {C2.004},
   adsurl = {http://adsabs.harvard.edu/abs/2017APS..APR.C2004M},
  adsnote = {Provided by the SAO/NASA Astrophysics Data System}
}

@ARTICLE{Slatyer2010,
   author = {{Su}, M. and {Slatyer}, T.~R. and {Finkbeiner}, D.~P.},
    title = "{Giant Gamma-ray Bubbles from Fermi-LAT: Active Galactic Nucleus Activity or Bipolar Galactic Wind?}",
  journal = {apj},
archivePrefix = "arXiv",
   eprint = {1005.5480},
 primaryClass = "astro-ph.HE",
 keywords = {galaxies: active, galaxies: starburst, gamma rays: diffuse background, ISM: jets and outflows},
     year = 2010,
    month = dec,
   volume = 724,
    pages = {1044-1082},
      doi = {10.1088/0004-637X/724/2/1044},
   adsurl = {http://adsabs.harvard.edu/abs/2010ApJ...724.1044S},
  adsnote = {Provided by the SAO/NASA Astrophysics Data System}
}


@ARTICLE{Ackermann2014,
   author = {{Ackermann}, M. and {Albert}, A. and {Atwood}, W.~B. and {Baldini}, L. and 
	{Ballet}, J. and {Barbiellini}, G. and {Bastieri}, D. and {Bellazzini}, R. and 
	{Bissaldi}, E. and {Blandford}, R.~D. and {Bloom}, E.~D. and 
	{Bottacini}, E. and {Brandt}, T.~J. and {Bregeon}, J. and {Bruel}, P. and 
	{Buehler}, R. and {Buson}, S. and {Caliandro}, G.~A. and {Cameron}, R.~A. and 
	{Caragiulo}, M. and {Caraveo}, P.~A. and {Cavazzuti}, E. and 
	{Cecchi}, C. and {Charles}, E. and {Chekhtman}, A. and {Chiang}, J. and 
	{Chiaro}, G. and {Ciprini}, S. and {Claus}, R. and {Cohen-Tanugi}, J. and 
	{Conrad}, J. and {Cutini}, S. and {D'Ammando}, F. and {de Angelis}, A. and 
	{de Palma}, F. and {Dermer}, C.~D. and {Digel}, S.~W. and {Di Venere}, L. and 
	{Silva}, E.~d.~C.~e. and {Drell}, P.~S. and {Favuzzi}, C. and 
	{Ferrara}, E.~C. and {Focke}, W.~B. and {Franckowiak}, A. and 
	{Fukazawa}, Y. and {Funk}, S. and {Fusco}, P. and {Gargano}, F. and 
	{Gasparrini}, D. and {Germani}, S. and {Giglietto}, N. and {Giordano}, F. and 
	{Giroletti}, M. and {Godfrey}, G. and {Gomez-Vargas}, G.~A. and 
	{Grenier}, I.~A. and {Guiriec}, S. and {Hadasch}, D. and {Harding}, A.~K. and 
	{Hays}, E. and {Hewitt}, J.~W. and {Hou}, X. and {Jogler}, T. and 
	{J{\'o}hannesson}, G. and {Johnson}, A.~S. and {Johnson}, W.~N. and 
	{Kamae}, T. and {Kataoka}, J. and {Kn{\"o}dlseder}, J. and {Kocevski}, D. and 
	{Kuss}, M. and {Larsson}, S. and {Latronico}, L. and {Longo}, F. and 
	{Loparco}, F. and {Lovellette}, M.~N. and {Lubrano}, P. and 
	{Malyshev}, D. and {Manfreda}, A. and {Massaro}, F. and {Mayer}, M. and 
	{Mazziotta}, M.~N. and {McEnery}, J.~E. and {Michelson}, P.~F. and 
	{Mitthumsiri}, W. and {Mizuno}, T. and {Monzani}, M.~E. and 
	{Morselli}, A. and {Moskalenko}, I.~V. and {Murgia}, S. and 
	{Nemmen}, R. and {Nuss}, E. and {Ohsugi}, T. and {Omodei}, N. and 
	{Orienti}, M. and {Orlando}, E. and {Ormes}, J.~F. and {Paneque}, D. and 
	{Panetta}, J.~H. and {Perkins}, J.~S. and {Pesce-Rollins}, M. and 
	{Petrosian}, V. and {Piron}, F. and {Pivato}, G. and {Rain{\`o}}, S. and 
	{Rando}, R. and {Razzano}, M. and {Razzaque}, S. and {Reimer}, A. and 
	{Reimer}, O. and {S{\'a}nchez-Conde}, M. and {Schaal}, M. and 
	{Schulz}, A. and {Sgr{\`o}}, C. and {Siskind}, E.~J. and {Spandre}, G. and 
	{Spinelli}, P. and {Stawarz}, {\L}. and {Strong}, A.~W. and 
	{Suson}, D.~J. and {Tahara}, M. and {Takahashi}, H. and {Thayer}, J.~B. and 
	{Tibaldo}, L. and {Tinivella}, M. and {Torres}, D.~F. and {Tosti}, G. and 
	{Troja}, E. and {Uchiyama}, Y. and {Vianello}, G. and {Werner}, M. and 
	{Winer}, B.~L. and {Wood}, K.~S. and {Wood}, M. and {Zaharijas}, G.
	},
    title = "{The Spectrum and Morphology of the Fermi Bubbles}",
  journal = {apj},
archivePrefix = "arXiv",
   eprint = {1407.7905},
 primaryClass = "astro-ph.HE",
 keywords = {astroparticle physics, cosmic rays, Galaxy: general, Galaxy: halo, gamma rays: diffuse background, methods: data analysis},
     year = 2014,
    month = sep,
   volume = 793,
      eid = {64},
    pages = {64},
      doi = {10.1088/0004-637X/793/1/64},
   adsurl = {http://adsabs.harvard.edu/abs/2014ApJ...793...64A},
  adsnote = {Provided by the SAO/NASA Astrophysics Data System}
}


@ARTICLE{Liu2013,
   author = {{Liu}, T. and {Wu}, Y. and {Zhang}, H.},
    title = "{Gaseous CO Abundance{\mdash}An Evolutionary Tracer for Molecular Clouds}",
  journal = {apjl},
archivePrefix = "arXiv",
   eprint = {1306.0046},
 primaryClass = "astro-ph.SR",
 keywords = {evolution, ISM: abundances, ISM: clouds, ISM: molecules},
     year = 2013,
    month = sep,
   volume = 775,
      eid = {L2},
    pages = {L2},
      doi = {10.1088/2041-8205/775/1/L2},
   adsurl = {http://adsabs.harvard.edu/abs/2013ApJ...775L...2L},
  adsnote = {Provided by the SAO/NASA Astrophysics Data System}
}

@article{Planck2014,
	author = {{Planck Collaboration} and {Ade, P. A. R.} and {Aghanim, N.} and {Alves, M. I. R.} and {Armitage-Caplan, C.} and {Arnaud, M.} and {Ashdown, M.} and {Atrio-Barandela, F.} and {Aumont, J.} and {Baccigalupi, C.} and {Banday, A. J.} and {Barreiro, R. B.} and {Bartlett, J. G.} and {Battaner, E.} and {Benabed, K.} and {Benoît, A.} and {Benoit-Lévy, A.} and {Bernard, J.-P.} and {Bersanelli, M.} and {Bielewicz, P.} and {Bobin, J.} and {Bock, J. J.} and {Bonaldi, A.} and {Bond, J. R.} and {Borrill, J.} and {Bouchet, F. R.} and {Boulanger, F.} and {Bridges, M.} and {Bucher, M.} and {Burigana, C.} and {Butler, R. C.} and {Cardoso, J.-F.} and {Catalano, A.} and {Chamballu, A.} and {Chary, R.-R.} and {Chen, X.} and {Chiang, H. C.} and {Chiang, L.-Y.} and {Christensen, P. R.} and {Church, S.} and {Clements, D. L.} and {Colombi, S.} and {Colombo, L. P. L.} and {Combet, C.} and {Couchot, F.} and {Coulais, A.} and {Crill, B. P.} and {Curto, A.} and {Cuttaia, F.} and {Danese, L.} and {Davies, R. D.} and {de Bernardis, P.} and {de Rosa, A.} and {de Zotti, G.} and {Delabrouille, J.} and {Delouis, J.-M.} and {Dempsey, J. T.} and {Désert, F.-X.} and {Dickinson, C.} and {Diego, J. M.} and {Dole, H.} and {Donzelli, S.} and {Doré, O.} and {Douspis, M.} and {Dupac, X.} and {Efstathiou, G.} and {Enßlin, T. A.} and {Eriksen, H. K.} and {Falgarone, E.} and {Finelli, F.} and {Forni, O.} and {Frailis, M.} and {Franceschi, E.} and {Fukui, Y.} and {Galeotta, S.} and {Ganga, K.} and {Giard, M.} and {Giraud-Héraud, Y.} and {González-Nuevo, J.} and {Górski, K. M.} and {Gratton, S.} and {Gregorio, A.} and {Gruppuso, A.} and {Handa, T.} and {Hansen, F. K.} and {Hanson, D.} and {Harrison, D.} and {Henrot-Versillé, S.} and {Hernández-Monteagudo, C.} and {Herranz, D.} and {Hildebrandt, S. R.} and {Hily-Blant, P.} and {Hivon, E.} and {Hobson, M.} and {Holmes, W. A.} and {Hornstrup, A.} and {Hovest, W.} and {Huffenberger, K. M.} and {Hurier, G.} and {Jaffe, A. H.} and {Jaffe, T. R.} and {Jewell, J.} and {Jones, W. C.} and {Juvela, M.} and {Keihänen, E.} and {Keskitalo, R.} and {Kisner, T. S.} and {Knoche, J.} and {Knox, L.} and {Kunz, M.} and {Kurki-Suonio, H.} and {Lagache, G.} and {Lähteenmäki, A.} and {Lamarre, J.-M.} and {Lasenby, A.} and {Laureijs, R. J.} and {Lawrence, C. R.} and {Leonardi, R.} and {León-Tavares, J.} and {Lesgourgues, J.} and {Liguori, M.} and {Lilje, P. B.} and {Linden-Vørnle, M.} and {López-Caniego, M.} and {Lubin, P. M.} and {Macías-Pérez, J. F.} and {Maffei, B.} and {Mandolesi, N.} and {Maris, M.} and {Marshall, D. J.} and {Martin, P. G.} and {Martínez-González, E.} and {Masi, S.} and {Massardi, M.} and {Matarrese, S.} and {Matthai, F.} and {Mazzotta, P.} and {McGehee, P.} and {Melchiorri, A.} and {Mendes, L.} and {Mennella, A.} and {Migliaccio, M.} and {Mitra, S.} and {Miville-Deschênes, M.-A.} and {Moneti, A.} and {Montier, L.} and {Moore, T. J. T.} and {Morgante, G.} and {Morino, J.} and {Mortlock, D.} and {Munshi, D.} and {Murphy, J. A.} and {Nakajima, T.} and {Naselsky, P.} and {Nati, F.} and {Natoli, P.} and {Netterfield, C. B.} and {Nørgaard-Nielsen, H. U.} and {Noviello, F.} and {Novikov, D.} and {Novikov, I.} and {Okuda, T.} and {Osborne, S.} and {Oxborrow, C. A.} and {Paci, F.} and {Pagano, L.} and {Pajot, F.} and {Paladini, R.} and {Paoletti, D.} and {Pasian, F.} and {Patanchon, G.} and {Perdereau, O.} and {Perotto, L.} and {Perrotta, F.} and {Piacentini, F.} and {Piat, M.} and {Pierpaoli, E.} and {Pietrobon, D.} and {Plaszczynski, S.} and {Pointecouteau, E.} and {Polenta, G.} and {Ponthieu, N.} and {Popa, L.} and {Poutanen, T.} and {Pratt, G. W.} and {Prézeau, G.} and {Prunet, S.} and {Puget, J.-L.} and {Rachen, J. P.} and {Reach, W. T.} and {Rebolo, R.} and {Reinecke, M.} and {Remazeilles, M.} and {Renault, C.} and {Ricciardi, S.} and {Riller, T.} and {Ristorcelli, I.} and {Rocha, G.} and {Rosset, C.} and {Roudier, G.} and {Rowan-Robinson, M.} and {Rubiño-Martín, J. A.} and {Rusholme, B.} and {Sandri, M.} and {Santos, D.} and {Savini, G.} and {Scott, D.} and {Seiffert, M. D.} and {Shellard, E. P. S.} and {Spencer, L. D.} and {Starck, J.-L.} and {Stolyarov, V.} and {Stompor, R.} and {Sudiwala, R.} and {Sunyaev, R.} and {Sureau, F.} and {Sutton, D.} and {Suur-Uski, A.-S.} and {Sygnet, J.-F.} and {Tauber, J. A.} and {Tavagnacco, D.} and {Terenzi, L.} and {Thomas, H. S.} and {Toffolatti, L.} and {Tomasi, M.} and {Torii, K.} and {Tristram, M.} and {Tucci, M.} and {Tuovinen, J.} and {Umana, G.} and {Valenziano, L.} and {Valiviita, J.} and {Van Tent, B.} and {Vielva, P.} and {Villa, F.} and {Vittorio, N.} and {Wade, L. A.} and {Wandelt, B. D.} and {Wehus, I. K.} and {Yamamoto, H.} and {Yoda, T.} and {Yvon, D.} and {Zacchei, A.} and {Zonca, A.}},
	title = {Planck 2013 results. XIII. Galactic CO
          emission},
	DOI= "10.1051/0004-6361/201321553",
	url= "https://doi.org/10.1051/0004-6361/201321553",
	journal = {A\&A},
	year = 2014,
	volume = 571,
	pages = "A13",
}



@article{Gleeson68,
   author = {{Gleeson}, L.~J. and {Axford}, W.~I.},
    title = "{Solar Modulation of Galactic Cosmic Rays}",
  journal = {apj},
     year = 1968,
    month = dec,
   volume = 154,
    pages = {1011},
      doi = {10.1086/149822},
   adsurl = {http://adsabs.harvard.edu/abs/1968ApJ...154.1011G},
  adsnote = {Provided by the SAO/NASA Astrophysics Data System}
}

@article{Aguilar15,
  title = {Precision Measurement of the Proton Flux in Primary Cosmic Rays from Rigidity 1 GV to 1.8 TV with the Alpha Magnetic Spectrometer on the International Space Station},
  author = {Aguilar, M. and Aisa, D. and Alpat, B. and Alvino, A. and Ambrosi, G. and Andeen, K. and Arruda, L. and Attig, N. and Azzarello, P. and Bachlechner, A. and Barao, F. and Barrau, A. and Barrin, L. and Bartoloni, A. and Basara, L. and Battarbee, M. and Battiston, R. and Bazo, J. and Becker, U. and Behlmann, M. and Beischer, B. and Berdugo, J. and Bertucci, B. and Bigongiari, G. and Bindi, V. and Bizzaglia, S. and Bizzarri, M. and Boella, G. and de Boer, W. and Bollweg, K. and Bonnivard, V. and Borgia, B. and Borsini, S. and Boschini, M. J. and Bourquin, M. and Burger, J. and Cadoux, F. and Cai, X. D. and Capell, M. and Caroff, S. and Casaus, J. and Cascioli, V. and Castellini, G. and Cernuda, I. and Cerreta, D. and Cervelli, F. and Chae, M. J. and Chang, Y. H. and Chen, A. I. and Chen, H. and Cheng, G. M. and Chen, H. S. and Cheng, L. and Chou, H. Y. and Choumilov, E. and Choutko, V. and Chung, C. H. and Clark, C. and Clavero, R. and Coignet, G. and Consolandi, C. and Contin, A. and Corti, C. and Gil, E. Cortina and Coste, B. and Creus, W. and Crispoltoni, M. and Cui, Z. and Dai, Y. M. and Delgado, C. and Della Torre, S. and Demirk\"oz, M. B. and Derome, L. and Di Falco, S. and Di Masso, L. and Dimiccoli, F. and D\'{\i}az, C. and von Doetinchem, P. and Donnini, F. and Du, W. J. and Duranti, M. and D'Urso, D. and Eline, A. and Eppling, F. J. and Eronen, T. and Fan, Y. Y. and Farnesini, L. and Feng, J. and Fiandrini, E. and Fiasson, A. and Finch, E. and Fisher, P. and Galaktionov, Y. and Gallucci, G. and Garc\'{\i}a, B. and Garc\'{\i}a-L\'opez, R. and Gargiulo, C. and Gast, H. and Gebauer, I. and Gervasi, M. and Ghelfi, A. and Gillard, W. and Giovacchini, F. and Goglov, P. and Gong, J. and Goy, C. and Grabski, V. and Grandi, D. and Graziani, M. and Guandalini, C. and Guerri, I. and Guo, K. H. and Haas, D. and Habiby, M. and Haino, S. and Han, K. C. and He, Z. H. and Heil, M. and Hoffman, J. and Hsieh, T. H. and Huang, Z. C. and Huh, C. and Incagli, M. and Ionica, M. and Jang, W. Y. and Jinchi, H. and Kanishev, K. and Kim, G. N. and Kim, K. S. and Kirn, Th. and Kossakowski, R. and Kounina, O. and Kounine, A. and Koutsenko, V. and Krafczyk, M. S. and La Vacca, G. and Laudi, E. and Laurenti, G. and Lazzizzera, I. and Lebedev, A. and Lee, H. T. and Lee, S. C. and Leluc, C. and Levi, G. and Li, H. L. and Li, J. Q. and Li, Q. and Li, Q. and Li, T. X. and Li, W. and Li, Y. and Li, Z. H. and Li, Z. Y. and Lim, S. and Lin, C. H. and Lipari, P. and Lippert, T. and Liu, D. and Liu, H. and Lolli, M. and Lomtadze, T. and Lu, M. J. and Lu, S. Q. and Lu, Y. S. and Luebelsmeyer, K. and Luo, J. Z. and Lv, S. S. and Majka, R. and Ma\~n\'a, C. and Mar\'{\i}n, J. and Martin, T. and Mart\'{\i}nez, G. and Masi, N. and Maurin, D. and Menchaca-Rocha, A. and Meng, Q. and Mo, D. C. and Morescalchi, L. and Mott, P. and M\"uller, M. and Ni, J. Q. and Nikonov, N. and Nozzoli, F. and Nunes, P. and Obermeier, A. and Oliva, A. and Orcinha, M. and Palmonari, F. and Palomares, C. and Paniccia, M. and Papi, A. and Pauluzzi, M. and Pedreschi, E. and Pensotti, S. and Pereira, R. and Picot-Clemente, N. and Pilo, F. and Piluso, A. and Pizzolotto, C. and Plyaskin, V. and Pohl, M. and Poireau, V. and Postaci, E. and Putze, A. and Quadrani, L. and Qi, X. M. and Qin, X. and Qu, Z. Y. and R\"aih\"a, T. and Rancoita, P. G. and Rapin, D. and Ricol, J. S. and Rodr\'{\i}guez, I. and Rosier-Lees, S. and Rozhkov, A. and Rozza, D. and Sagdeev, R. and Sandweiss, J. and Saouter, P. and Sbarra, C. and Schael, S. and Schmidt, S. M. and von Dratzig, A. Schulz and Schwering, G. and Scolieri, G. and Seo, E. S. and Shan, B. S. and Shan, Y. H. and Shi, J. Y. and Shi, X. Y. and Shi, Y. M. and Siedenburg, T. and Son, D. and Spada, F. and Spinella, F. and Sun, W. and Sun, W. H. and Tacconi, M. and Tang, C. P. and Tang, X. W. and Tang, Z. C. and Tao, L. and Tescaro, D. and Ting, Samuel C. C. and Ting, S. M. and Tomassetti, N. and Torsti, J. and T\"urko\ifmmode \breve{g}\else \u{g}\fi{}lu, C. and Urban, T. and Vagelli, V. and Valente, E. and Vannini, C. and Valtonen, E. and Vaurynovich, S. and Vecchi, M. and Velasco, M. and Vialle, J. P. and Vitale, V. and Vitillo, S. and Wang, L. Q. and Wang, N. H. and Wang, Q. L. and Wang, R. S. and Wang, X. and Wang, Z. X. and Weng, Z. L. and Whitman, K. and Wienkenh\"over, J. and Wu, H. and Wu, X. and Xia, X. and Xie, M. and Xie, S. and Xiong, R. Q. and Xin, G. M. and Xu, N. S. and Xu, W. and Yan, Q. and Yang, J. and Yang, M. and Ye, Q. H. and Yi, H. and Yu, Y. J. and Yu, Z. Q. and Zeissler, S. and Zhang, J. H. and Zhang, M. T. and Zhang, X. B. and Zhang, Z. and Zheng, Z. M. and Zhuang, H. L. and Zhukov, V. and Zichichi, A. and Zimmermann, N. and Zuccon, P. and Zurbach, C.},
  collaboration = {AMS Collaboration},
  journal = {Phys. Rev. Lett.},
  volume = {114},
  issue = {17},
  pages = {171103},
  numpages = {9},
  year = {2015},
  month = {Apr},
  publisher = {American Physical Society},
  doi = {10.1103/PhysRevLett.114.171103},
  url = {https://link.aps.org/doi/10.1103/PhysRevLett.114.171103}
}

	
@article{Biermann10,
  author={Peter L. Biermann and Julia K. Becker and Jens Dreyer and Athina Meli and Eun-Suk Seo and Todor Stanev},
  title={The Origin of Cosmic Rays: Explosions of Massive Stars with Magnetic Winds and Their Supernova Mechanism},
  journal={The Astrophysical Journal},
  volume={725},
  number={1},
  pages={184},
  url={http://stacks.iop.org/0004-637X/725/i=1/a=184},
  year={2010},
  abstract={One prediction of particle acceleration in the supernova (SN) remnants in the magnetic wind of exploding Wolf-Rayet and red supergiant stars is that the final spectrum is a composition of a spectrum E –7/3 and a polar cap component of E –2 at the source. This polar cap component contributes to the total energy content with only a few percent, but dominates the spectrum at higher energy. The sum of both components gives spectra which curve upward. The upturn was predicted to occur always at the same rigidity. An additional component of cosmic rays from acceleration by SNe exploding into the interstellar medium adds another component for hydrogen and for helium. After transport, the predicted spectra J ( E ) for the wind-SN cosmic rays are E –8/3 and E –7/3 ; the sum leads to an upturn from the steeper spectrum. An upturn has now been seen by the CREAM mission. Here, we test the observations against the predictions and show that the observed properties are consistent with the predictions. Hydrogen can be shown to also have a noticeable wind-SN component. The observation of the upturn in the heavy element spectra being compatible with the same rigidity for all heavy elements supports the magneto-rotational mechanism for these SNe. This interpretation predicts the observed upturn to continue to curve upward and approach the E –7/3 spectrum. If confirmed, this would strengthen the case that SNe of very massive stars with magnetic winds are important sources of Galactic cosmic rays.}
}


	
@article{Hillas2005,
  author={A M Hillas},
  title={Can diffusive shock acceleration in supernova remnants account for high-energy galactic cosmic rays?},
  journal={Journal of Physics G: Nuclear and Particle Physics},
  volume={31},
  number={5},
  pages={R95},
  url={http://stacks.iop.org/0954-3899/31/i=5/a=R02},
  year={2005},
  abstract={Diffusive shock acceleration at the outer front of expanding supernova remnants has provided by far the most popular model for the origin of galactic cosmic rays, and has been the subject of intensive theoretical investigation. But several problems loomed at high energies—how to explain the smooth continuation of the cosmic-ray spectrum far beyond 10 14 eV, the very low level of TeV gamma-ray emission from several supernova remnants, and the very low anisotropy of cosmic rays (seeming to conflict with the short trapping times needed to convert a E −2 source spectrum into the observed E −2.7 spectrum of cosmic rays). However, recent work on the cosmic ray spectrum (especially at KASCADE) strongly indicates that about half of the flux does turn down rather sharply near 3 × 10 15 V rigidity, with a distinct tail extending to just beyond 10 17 V rigidity; whilst a plausible description (Bell and Lucek) of the level of self-generated magnetic fields at the shock fronts of young supernova remnants implies that many SNRs in varying environments might very well generate spectra extending smoothly to just this 'knee' position, and a portion of the exploding red supergiants could extend the spectrum approximately as needed. At low energies, recent progress in relating cosmic ray compositional details to modified shock structure also adds weight to the belief that the model is working on the right lines, converting energy into cosmic rays very efficiently where injection can occur. The low level of TeV gamma-ray flux from many young SNRs is a serious challenge, though it may relate to variations in particle injection efficiency with time. The clear detection of TeV gamma rays from SNRs has now just begun, and predictions of a characteristic curved particle spectrum give a target for new tests by TeV observations. However, the isotropy seriously challenges the assumed cosmic-ray trapping time and hence the shape of the spectrum of particles released from SNRs. There is otherwise enough convergence of model and observation to encourage belief that the outline of the model is right, but there remains the possibility that the spectral shape of particles actually released is not as previously predicted.}
}



@article{Crutcher2012,
title = "Magnetic fields in molecular clouds",
abstract = "This review examines observations of magnetic fields in molecular clouds and what those observations tell us about the theory of molecular cloud evolution and star formation. First, the review briefly summarizes classes of theoretical models of molecular clouds and specific predictions of the models that can be tested by observation. Then, the review describes the techniques for observing and mapping magnetic fields in molecular clouds, followed by discussion of important examples of observational studies using each technique. A synthesis of results from all observational techniques summarizes the current state, which is that though magnetic fields generally dominate turbulence, there is no definitive evidence for magnetic fields dominating gravity in molecular clouds or for ambipolar-diffusion-driven star formation. Finally, the review discusses prospects for advances in our observational capabilities with telescopes and instruments now beginning operation or under construction.",
keywords = "ambipolar diffusion, dust polarization, magnetohydrodynamic (MHD) turbulence, spectral-line polarization, star formation, Zeeman effect",
author = "Crutcher, {Richard M.}",
year = "2012",
month = "9",
day = "1",
doi = "10.1146/annurev-astro-081811-125514",
language = "English (US)",
volume = "50",
pages = "29--63",
journal = "Annual Review of Astronomy and Astrophysics",
issn = "0066-4146",
publisher = "Annual Reviews Inc.",

}


@article{Gondolo2004,
  author={P Gondolo and J Edsjö and P Ullio and L Bergström and M Schelke and E A Baltz},
  title={DarkSUSY: computing supersymmetric dark matter properties numerically},
  journal={Journal of Cosmology and Astroparticle Physics},
  volume={2004},
  number={07},
  pages={008},
  url={http://stacks.iop.org/1475-7516/2004/i=07/a=008},
  year={2004},
  abstract={The question of the nature of the dark matter in the Universe remains one of the most outstanding unsolved problems in basic science. One of the best motivated particle physics candidates is the lightest supersymmetric particle, assumed to be the lightest neutralino—a linear combination of the supersymmetric partners of the photon, the Z boson and neutral scalar Higgs particles. Here we describe DarkSUSY, a publicly available advanced numerical package for neutralino dark matter calculations. In DarkSUSY one can compute the neutralino density in the Universe today using precision methods which include resonances, pair production thresholds and coannihilations. Masses and mixings of supersymmetric particles can be computed within DarkSUSY or with the help of external programs such as FeynHiggs, ISASUGRA and SUSPECT. Accelerator bounds can be checked to identify viable dark matter candidates. DarkSUSY also computes a large variety of astrophysical signals from neutralino dark matter, such as direct detection in low-background counting experiments and indirect detection through antiprotons, antideuterons, gamma-rays and positrons from the galactic halo or high-energy neutrinos from the centre of the Earth or of the Sun. Here we describe the physics behind the package. A detailed manual will be provided with the computer package.}
}
	
@article{Gondolo2005,
title = "DarkSUSY 4.00 neutralino dark matter made easy",
journal = "New Astronomy Reviews",
volume = "49",
number = "2",
pages = "149 - 151",
year = "2005",
note = "Sources and Detection of Dark Matter and Dark Energy in the Universe",
issn = "1387-6473",
doi = "https://doi.org/10.1016/j.newar.2005.01.009",
url = "http://www.sciencedirect.com/science/article/pii/S1387647305000229",
author = "Paolo Gondolo and Joakim Edsjö and Piero Ullio and Lars Bergstrom and Mia Schelke and Edward A. Baltz"
}